@STRING{ mar = "Mars" }
@MISC{JAVA11,
author = {Nick Heath},
title = {Can you still use the Java programming language for free? What you need to know},
month = mar,
year = {2019},
howpublished={\url{https://www.techrepublic.com/article/can-you-still-use-the-java-programming-language-for-free-what-you-need-to-know/}}
}
